<?xml version="1.0" encoding="UTF-8"?><collection xmlns="http://www.loc.gov/MARC21/slim"><record><leader>00624nam--2200193-i-4500</leader><controlfield tag="001">000039567</controlfield><controlfield tag="002">20161230</controlfield><controlfield tag="005">20161230201042</controlfield><controlfield tag="008">060222s1000------------r-----000-0-fre-d</controlfield><datafield ind1=" " ind2=" " tag="040"><subfield code="a">IFIN-HH</subfield></datafield><datafield ind1=" " ind2=" " tag="041"><subfield code="a">fre</subfield></datafield><datafield ind1=" " ind2=" " tag="080"><subfield code="a">537.531:543.422.8:548.73</subfield></datafield><datafield ind1="1" ind2=" " tag="100"><subfield code="a">Rose, A.J</subfield></datafield><datafield ind1="1" ind2="0" tag="245"><subfield code="a">Tables et abaques</subfield><subfield code="b">Tables permettant le depouillement des diagrammes de rayons et abaques de reglage des monochromateurs a lame courbe</subfield><subfield code="c">A.j. rose</subfield></datafield><datafield ind1=" " ind2=" " tag="260"><subfield code="a">Paris</subfield><subfield code="b">Centre National De La Recherche Scientifique</subfield><subfield code="c">1957</subfield></datafield><datafield ind1=" " ind2=" " tag="300"><subfield code="a">238P</subfield></datafield><datafield ind1=" " ind2=" " tag="490"><subfield code="a">Radiocristallographie</subfield></datafield><datafield ind1=" " ind2=" " tag="852"><subfield code="a">77289</subfield><subfield code="c">537.531</subfield></datafield><datafield ind1=" " ind2=" " tag="CAT"><subfield code="a">Sys</subfield><subfield code="c">20110810</subfield><subfield code="h">152057</subfield></datafield></record></collection>